@Article{ref1,
author="ST, Microelectronics",
title="LM 7800 Series Fixed Positive Voltage Regulators",
file=":file:///home/web/mozart/library/00001.pdf:PDF"
}

@Article{ref2,
author="ST, Microelectronics",
title="LM7900 Series Fixed Negative Voltage Regulators",
file=":file:///home/web/mozart/library/00002.pdf:PDF"
}

@Article{ref3,
author="National, Semiconductor",
title="LM117/LM317A/LM317 3-Terminal Adjustable Regulator",
file=":file:///home/web/mozart/library/00003.pdf:PDF"
}

@Article{ref4,
author="MaximIC",
title="MAX110/MAX111 - Low-Cost, 2-Channel, {\textpm}14-Bit Serial ADCs",
file=":file:///home/web/mozart/library/00004.pdf:PDF"
}

@Article{ref5,
author="MaximIC",
title="MAX186/MAX188 Low-Power, 8-Channel, Serial 12-Bit ADCs",
file=":file:///home/web/mozart/library/00005.pdf:PDF"
}

@Article{ref6,
author="MaximIC",
title="MAX1400 +5V, 18-Bit, Low-Power, Multichannel, Oversampling (Sigma-Delta) ADC",
file=":file:///home/web/mozart/library/00006.pdf:PDF"
}

@Article{ref7,
author="Dallas, Semiconductor",
title="DS1844 Quad Digital Potentiometer",
file=":file:///home/web/mozart/library/00007.pdf:PDF"
}

@Article{ref8,
title="DS1868 Dual digital potentiometer",
file=":file:///home/web/mozart/library/00008.pdf:PDF"
}

@Article{ref9,
title="DS1270 Non-volatile SRAM",
file=":file:///home/web/mozart/library/00009.pdf:PDF"
}

@Article{ref10,
author="Technologic, Systems",
title="TS 7550 Baseboard Schematic",
file=":file:///home/web/mozart/library/00010.pdf:PDF"
}

@Article{ref11,
title="SWUM IP67/8 Socket",
file=":file:///home/web/mozart/library/00011.pdf:PDF"
}

@Article{ref12,
title="Plug (SWUM) IP67/68",
file=":file:///home/web/mozart/library/00012.pdf:PDF"
}

@Article{ref13,
author="Honeywell",
title="HLC1395 Reflective sensor",
file=":file:///home/web/mozart/library/00013.pdf:PDF"
}

@Article{ref14,
title="BBC Micro User Guide",
file=":file:///home/web/mozart/library/00014.pdf:PDF"
}

@Article{ref15,
title="Basic Stamp 2 - Commands, Features and Projects",
file=":file:///home/web/mozart/library/00015.pdf:PDF"
}

@Article{ref16,
title="Basic Stamp Application Notes",
file=":file:///home/web/mozart/library/00016.pdf:PDF"
}

@Article{ref17,
title="Interfacing the Enhanced parallel port",
file=":file:///home/web/mozart/library/00017.pdf:PDF"
}

@Article{ref18,
title="LocoSys GPS - LS2003* Series",
file=":file:///home/web/mozart/library/00018.pdf:PDF"
}

@Article{ref19,
title="Op-Amp Circuit Collection",
file=":file:///home/web/mozart/library/00019.pdf:PDF"
}

@Article{ref20,
title="Interfacing the Standard Parallel Port",
file=":file:///home/web/mozart/library/00020.pdf:PDF"
}

@Article{ref21,
title="Telit GM862 User Guide",
file=":file:///home/web/mozart/library/00021.pdf:PDF"
}

@Article{ref22,
title="Telit AT Commands Reference Guide",
file=":file:///home/web/mozart/library/00022.pdf:PDF"
}

@Article{ref23,
author="Parallax",
title="Basic Stamp User Manual",
file=":file:///home/web/mozart/library/00023.pdf:PDF"
}

@Article{ref24,
author="HONEYWELL, SSEC",
title="HMC5883L-TR",
file=":file:///home/web/mozart/library/00024.pdf:PDF"
}

@Article{ref25,
author="Analogue, Devices",
title="ADXL335",
file=":file:///home/web/mozart/library/00025.pdf:PDF"
}

@Article{ref26,
author="STMICROELECTRONICS",
title="L3G4200D - GYRO",
file=":file:///home/web/mozart/library/00026.pdf:PDF"
}

@Article{ref27,
title="MAXIM 1160 - 4 Channel 24-bit ADC",
file=":file:///home/web/mozart/library/00027.pdf:PDF"
}

@Article{ref28,
author="Texas, Instruments",
title="High or Low Side, Bi-Directional CURRENT/POWER MONITOR with Two-Wire Interface",
file=":file:///home/web/mozart/library/00028.pdf:PDF"
}

@Article{ref29,
author="Maxim, I. C.",
title="Serially Controlled, Low-Voltage, 8-Channel SPST Switch",
file=":file:///home/web/mozart/library/00029.pdf:PDF"
}

@Article{ref30,
author="Maxim, I. C.",
title="Max146 3.3v ADC 8 Channel 12 bit",
file=":file:///home/web/mozart/library/00030.pdf:PDF"
}

@Article{ref31,
author="MAXIM-IC",
title="I2C Port Expander with 12 Push-Pull Outputs and 4 Inputs",
file=":file:///home/web/mozart/library/00031.pdf:PDF"
}

@Article{ref32,
author="Maxim-IC",
title="MAX712-713 Battery chargers",
file=":file:///home/web/mozart/library/00032.pdf:PDF"
}

